<record><leader>00000cas a22000007a 4500</leader><controlfield tag="001">11695541</controlfield><controlfield tag="008">850214d17991799nyuwr ne      0    0eng  </controlfield><datafield ind1=" " ind2=" " tag="010"><subfield code="a">sn 85042043 </subfield></datafield><datafield ind1=" " ind2=" " tag="040"><subfield code="a">DLC</subfield><subfield code="b">eng</subfield><subfield code="c">DLC</subfield><subfield code="d">NPX</subfield><subfield code="d">OCLCG</subfield><subfield code="d">OCLCA</subfield></datafield><datafield ind1="1" ind2=" " tag="029"><subfield code="a">AU@</subfield><subfield code="b">000025816937</subfield></datafield><datafield ind1=" " ind2=" " tag="042"><subfield code="a">msc</subfield></datafield><datafield ind1="0" ind2="0" tag="050"><subfield code="a">Newspaper</subfield></datafield><datafield ind1="0" ind2=" " tag="130"><subfield code="a">Columbian gazette (New York, N.Y.)</subfield></datafield><datafield ind1="0" ind2="0" tag="245"><subfield code="a">Columbian gazette.</subfield></datafield><datafield ind1=" " ind2=" " tag="260"><subfield code="a">New-York [N.Y.] :</subfield><subfield code="b">Printed for J.M. Williams by Hurtin &amp; M'Farlane,</subfield><subfield code="c">1799.</subfield></datafield><datafield ind1=" " ind2=" " tag="300"><subfield code="a">12 no. ;</subfield><subfield code="c">51 cm.</subfield></datafield><datafield ind1=" " ind2=" " tag="310"><subfield code="a">Weekly</subfield></datafield><datafield ind1="0" ind2=" " tag="362"><subfield code="a">Vol. 1, no. 1 (Apr. 6, 1799)-v. 1, no. 12 (June 22, 1799).</subfield></datafield><datafield ind1=" " ind2=" " tag="500"><subfield code="a">Published by John Mason Williams, who wrote under the name of Anthony Pasquin.</subfield></datafield><datafield ind1=" " ind2=" " tag="500"><subfield code="a">References: Evans 35325; Brigham, C.S.  Amer. newspapers, p. 615.</subfield></datafield><datafield ind1="1" ind2=" " tag="700"><subfield code="a">Pasquin, Anthony,</subfield><subfield code="d">1761-1818.</subfield></datafield><datafield ind1="1" ind2=" " tag="700"><subfield code="a">Hurtin, Robert Morris,</subfield><subfield code="d">1778?-1799.</subfield></datafield><datafield ind1="1" ind2=" " tag="700"><subfield code="a">M'Farlane, Monteith,</subfield><subfield code="d">-1809.</subfield></datafield><datafield ind1=" " ind2=" " tag="752"><subfield code="a">United States</subfield><subfield code="b">New York</subfield><subfield code="c">New York</subfield><subfield code="d">New York.</subfield></datafield></record>